2886 4984
250 352 967 530 pannonio

43 572 273 678 notationum
297 611 393 694 quas
423 584 491 664 ille
523 583 767 692 congenerat,
798 587 915 695 quam
935 607 978 666 ut
1006 585 1068 668 his
1096 587 1207 682 locis,

44 737 112 818 quae
129 737 199 820 per
219 709 255 786 se
274 707 353 818 ipsa
379 707 467 790 luce
484 703 600 788 essent
623 709 796 803 clariora,
828 711 1057 791 densrffimas
1077 709 1209 796 offun-

44 834 158 914 derent
185 832 359 916 nebulas.
401 832 728 934 Observationes,
759 861 852 946 quas
881 833 978 929 huc,
1006 831 1159 928 ilbrc,'
1146 863 1211 915 rn-

43 957 236 1068 respersas,
280 956 390 1038 nullo
420 959 580 1040 nomine
610 957 822 1051 distinctus,
853 961 955 1038 inter
984 958 1132 1068 reliqua
1164 959 1213 1050 ab*

42 1079 111 1160 aliis
130 1099 310 1178 annotata
341 1083 520 1190 reperies,
547 1105 626 1160 non
641 1093 785 1160 omnes
812 1110 875 1161 me
896 1079 1050 1163 habent
1079 1083 1219 1162 aueto-

43 1231 122 1284 rem
172 1205 427 1284 Occasionem
445 1207 550 1285 enim
576 1207 659 1312 jam
682 1207 784 1284 ultro
804 1207 974 1285 oblatam
994 1207 1130 1286 lubens
1151 1233 1228 1305 ar··
1310 1257 1316 1266 ·

41 1327 125 1434 ripio
142 1327 374 1438 agnoscendi
394 1331 552 1436 quantis
568 1355 632 1407 me
649 1329 843 1408 beneficiis
858 1330 1072 1408 devinxerit
1090 1332 1122 1410 F
1125 1357 1215 1409 ran·

42 1451 146 1530 cilcus
168 1455 353 1574 Upton,
352 1454 505 1532 S.T.B.
540 1452 751 1566 Collegit
724 1454 972 1539 Exomenfiu
970 1454 1077 1562 apud
1099 1457 1213 1548 Oxo·

40 1573 170 1662 nienses
197 1571 334 1672 socius,
366 1578 445 1686 qui
463 1565 567 1654 r'nihi
586 1553 790 1684 Apollonii
813 1551 1025 1656 editionem
1052 1575 1215 1686 Stepha-

39 1698 171 1793 nicam,
201 1701 244 1778 in
263 1728 340 1806 qua
320 1698 501 1796 notulae
520 1716 627 1779 erant
645 1701 874 1780 eruditionis
905 1700 1042 1809 plenae,
1073 1701 1112 1783 de
1132 1701 1215 1778 ani-

40 1823 306 1906 madverfiones
344 1823 584 1917 nonnullae
574 1850 615 1902 m
645 1821 800 1902 Scholia
831 1851 852 1901 a
882 1823 1099 1903 doetiffimo
1132 1823 1218 1902 viro

38 1943 175 2048 Joanne
197 1949 351 2057 Upton,
379 1945 641 2056 praebeudario
660 1945 846 2040 Roffensr,
877 1946 1035 2026 nonita
1063 1945 1217 2057 pridem

35 2067 211 2182 defuncto
222 2069 487 2180 conscriptae,
527 2069 765 2156 amiciffime
788 2071 1094 2163 commodavlt;
1108 2081 1228 2178 quai

39 2189 115 2289 lane
131 2183 277 2324 magno
295 2191 400 2276 mihi
416 2210 534 2285 ermt
541 2195 782 2316 adjumento*
798 2197 895 2274 dum
911 2195 1018 2272 vel'‘'
992 2221 1038 2274 ns
1058 2194 1217 2312 conjec-

37 2315 127 2416 turis
149 2345 240 2437 quae
258 2333 374 2416 antea
395 2297 514 2414 mihi
525 2317 632 2427 ipli'
620 2347 662 2400 ιιι
686 2339 859 2413 mentem
878 2337 1071 2412 venerant,
1102 2344 1232 2422 novae
1313 2325 1316 2330 ’

36 2439 122 2550 vireo
141 2439 341 2542 adderent,
353 2441 436 2522 vel
430 2469 482 2524 ca
494 2444 726 2554 corrigenda
740 2443 996 2584 suggererent,
1011 2465 1101 2552 quae
1120 2435 1218 2548 alio·

38 2565 123 2668 quin
142 2594 166 2656 a
185 2593 251 2644 me
270 2591 472 2676 nunquam
500 2565 660 2646 fuiffent
682 2569 929 2676 excogitata.
965 2565 1129 2648 liscum
1152 2559 1230 2672 per

37 2687 221 2788 incuriam
241 2687 489 2798 typographi
499 2715 642 2770 nomen
664 2692 844 2770 Auctoris
865 2715 942 2768 non
966 2690 1012 2770 sit
1042 2689 1219 2782 affixum,

38 2807 152 2902 visum
181 2809 239 2910 est
257 2813 305 2892 ad
325 2811 471 2894 calcem
496 2811 564 2921 huj
568 2811 655 2898 usce
673 2811 905 2922 praefationis
926 2803 1091 2968 lingulas
1119 2809 1221 2892 libro

37 2933 194 3028 &versu
215 2955 360 3016 notatas
379 2936 599 3045 indigitare.

79 3059 214 3157 Notas
225 3062 538 3142 Sanstamandms
555 3059 751 3140 suamanu
767 3059 1080 3169 conscriptas&
1069 3087 1109 3138 ιιι
1129 3059 1221 3138 bib

38 3170 204 3286 liotbeca
229 3185 436 3266 Bodleiana
469 3185 718 3276 conservatas,
749 3175 843 3290 quas
875 3183 1017 3262 multas
1048 3183 1151 3291 leges
1180 3183 1231 3262 in.
1284 3213 1286 3216 ¹

38 3292 132 3384 libro
151 3297 163 3412 J
190 3307 306 3399 rimu,
336 3309 401 3388 vix
423 3308 470 3387 ad
490 3309 645 3390 secundi
664 3307 874 3390 dimidium
897 3305 1116 3420 pertingere
1136 3333 1222 3388 mc·

38 3434 123 3508 cum
159 3337 266 3512 baud
300 3432 441 3538 injuria
477 3432 641 3516 dolebist
695 3435 751 3535 At
786 3431 944 3538 indigne
977 3429 1141 3510 omnino
1174 3431 1222 3528 de

41 3555 180 3662 egregii
210 3555 316 3634 illius
330 3557 410 3633 'viri
436 3556 621 3650 industria
646 3557 684 3636 de
704 3556 862 3662 ingenio
883 3554 1163 3660 judicabimus,
1194 3553 1223 3632 st

39 3678 266 3757 arbitremur
285 3707 376 3758 eum
398 3707 494 3788 opus
514 3697 594 3760 tam
619 3677 788 3758 feliciter
811 3663 1053 3770 inchoatum,
1085 3676 1153 3756 nisr
1172 3677 1240 3758 ob

38 3799 186 3881 causam
205 3801 375 3910 aliquam
393 3802 651 3912 gravillimam
681 3799 871 3882 infectum
891 3798 1095 3908 reliquille,
1125 3797 1224 3910 prae‘-

42 3921 165 4004 lertim
186 3925 279 4004 cum
300 3923 524 4025 Authorem
541 3926 652 4006 suurn
675 3927 893 4033 perminus
919 3924 1109 4030 jucundas
1129 3951 1223 4034 poe-

40 4049 146 4127 matis
170 4067 296 4156 partes
306 4053 389 4157 jam
407 4052 614 4132 comitatus
626 4047 729 4128 effet.
751 4047 861 4127 Huic
873 4049 1033 4141 damno,
1048 4049 1224 4155 quamvis

38 4165 227 4268 deflendo,
263 4161 455 4254 medelam
491 4173 656 4254 afferunt
686 4171 899 4258 douiffima
925 4173 965 4254 tc
996 4172 1226 4280 amplillima
1327 4244 1328 4248 ι

37 4320 115 4400 quae
152 4297 198 4374 in
226 4295 486 4404 Apollonium
513 4298 696 4406 leguntur
726 4293 894 4388 Scholia,
927 4294 1118 4408 quesere
1150 4285 1228 4374 sola

35 4421 215 4520 videntur
230 4421 437 4530 complecti
457 4422 497 4503 id
516 4421 634 4532 omne
649 4418 758 4529 quod
777 4416 825 4498 ab
845 4409 937 4498 a‘tiic
952 4415 1226 4530 interpretibus

34 4543 143 4646 poffit
167 4541 371 4626 observari.
911 4603 912 4610 ι
1127 4541 1228 4625 Haec
