2886 4984
419 387 1113 482 PRAEFATIO.

216 587 385 670 Confido
412 609 556 688 autem,
585 587 734 668 erudite
765 587 912 681 naor,
928 603 965 668 te
990 587 1101 667 nullo
1131 574 1249 667 modo
1274 609 1350 666 ex-

163 709 426 792 istimaturum
456 742 520 794 me
549 711 654 822 quod
681 713 764 820 jam
783 713 927 791 'aetum
956 711 1010 790 est
1035 703 1161 819 egisse,
1193 728 1352 822 poetam

162 834 337 916 nostrum
358 829 464 916 nova
483 835 564 916 fere
591 834 903 944 interpretatione
932 834 1169 914 illustrando.
1222 837 1281 948 Ut
1308 835 1362 916 in'

162 955 302 1039 haere
330 961 522 1070 precipue
549 961 776 1052 laborarem,
805 958 983 1066 persuasit
1011 958 1218 1066 mihique
1245 955 1354 1066 apud

163 1081 415 1164 Hoelzlinum
446 1087 587 1193 legitur
620 1084 856 1192 explicatio:
903 1083 1003 1162 srea
1034 1083 1241 1191 explicatio
1269 1080 1354 1162 dici

163 1205 292 1316 poffit,
309 1237 394 1314 quae
409 1209 489 1316 ipso
508 1211 679 1290 Auctore
697 1207 929 1316 plerumque
946 1207 991 1286 srt
1009 1207 1219 1302 obscurior,
1240 1209 1354 1316 quaess

163 1353 241 1438 que
268 1330 465 1440 laepiffime
491 1333 551 1410 vel
580 1331 708 1440 perse
734 1331 814 1438 ipsa
845 1351 1008 1438 nequeat
1037 1331 1221 1438 intelligi.
1266 1328 1355 1408 Hic

164 1455 270 1534 enim
303 1468 471 1536 veterem
504 1456 704 1564 Hartungi
737 1456 1091 1563 interpretationem
1125 1451 1241 1534 nihili
1274 1440 1355 1534 ha'·⁸

164 1573 307 1670 hendo,
337 1583 376 1658 δι
403 1607 480 1689 pre
510 1579 694 1660 modestia
723 1579 787 1658 sua
818 1607 899 1658 non
928 1578 1010 1658 affis
1034 1578 1257 1658 estimando
1286 1577 1356 1682 (ut

161 1695 242 1818 iple
272 1702 313 1780 in
344 1703 630 1812 Prolegomenis
666 1703 857 1810 loquitur)
887 1703 1038 1782 sensum
1068 1706 1116 1782 ab
1142 1699 1361 1812 Apollonii,
1430 1709 1431 1776 l

101 1879 103 1882 -
164 1843 297 1916 mente
326 1826 438 1936 plane
466 1825 736 1908 abhorrentem
764 1827 970 1906 lectoribus
989 1826 1063 1906 suis
1092 1824 1274 1934 plurim-is
1309 1823 1355 1904 in
1431 1804 1432 1876 l

165 1946 262 2025 locis
281 1949 458 2029 obtrufit.
505 1950 617 2032 Adeo
637 1968 681 2030 ut
705 1952 880 2030 audacter
898 1948 1035 2059 poffim
1062 1948 1234 2058 profiteri
1260 1945 1359 2057 plus
1433 1992 1434 2028 ι

166 2069 260 2180 sepe
287 2069 412 2152 facere
431 2075 689 2184 Apollonium
716 2074 764 2154 ad
790 2073 1060 2180 illustrandum
1081 2071 1354 2164 Hoelzlinum,
1434 2086 1435 2128 l

166 2215 285 2304 quam
319 2195 414 2284 facit
445 2197 671 2278 Hoelzlinus
704 2199 750 2276 ad
783 2197 1053 2278 illustrandum
1075 2195 1396 2306 Apollonium.

166 2317 262 2400 Fuit
289 2319 461 2436 profesto
487 2324 715 2429 Hartungus
745 2321 812 2401 ille
841 2321 941 2400 fidus
975 2316 1106 2402 adeo
1096 2340 1280 2430 rnterpres
1309 2335 1358 2400 ut
1437 2368 1438 2402 r

168 2443 330 2524 verbum
351 2446 467 2525 verbo
486 2446 534 2526 de
550 2447 686 2528 Graeca
704 2445 867 2565 lingua
856 2471 897 2524 tn
906 2446 1099 2562 Latinam
1110 2439 1356 2548 transferret,
1438 2462 1439 2510 l

168 2551 386 2676 tlegletto
374 2568 530 2651 interim
565 2567 806 2679 utriusque}
797 2547 1030 2676 ἱὶιιόιιιιιὲ.·
1029 2554 1149 2666 beu}
1141 2549 1364 2680 quantuor

64 2697 65 2700 ‘
166 2689 227 2768 vel
248 2688 325 2770 hoc
344 2693 489 2802 praestat
510 2693 684 2786 licentiae
697 2719 773 2801 qua
792 2693 950 2784 usurest
970 2691 1227 2797 Hteflzliuus?
1265 2691 1358 2800 Ego

168 2807 254 2894 sane
282 2833 325 2896 ut
346 2815 508 2957 planum·
536 2819 575 2898 bc
600 2815 817 2926 simplicem
830 2799 1073 2927 Autirorls
1053 2807 1204 2913 sennim
1232 2811 1356 2898 clice-

168 2963 267 3032 rem,
306 2940 418 3018 omni
448 2940 772 3052 interpretationis
802 2920 923 3022 foed<
915 2928 1135 3048 νἰιῑιιιιιιιὲ
1143 2927 1357 3033 summum

168 3059 340 3152 studium
356 3060 538 3158 adhibui,
571 3091 640 3144 nec
661 3065 856 3148 interdum
875 3064 923 3146 ab
939 3065 1147 3176 Hartungo
1166 3078 1357 3144 mutuum

169 3185 341 3295 accipere
369 3165 592 3298 dedignatus
622 3184 721 3280 sum,
750 3189 820 3268 nifi
849 3189 1003 3298 quando
1034 3187 1175 3308 linguae
1205 3183 1357 3284 Latinae

170 3310 253 3388 vim
280 3309 437 3392 faceret.
485 3311 659 3394 Habes
647 3313 782 3422 rgitur,
812 3341 854 3396 ιιι
838 3311 1008 3406 fallor,
1038 3297 1144 3419 quod
1170 3307 1357 3393 hacteuus

170 3431 343 3514 maxime
362 3453 440 3515 erat
454 3431 721 3530 defideratum,
742 3437 1096 3548 interpretationem
1111 3433 1230 3520 fidam
1250 3431 1354 3528 satis,

170 3583 243 3638 nec
264 3577 406 3654 tamen,
437 3578 481 3639 ut
498 3557 620 3669 spero,
648 3560 798 3670 prorsus
816 3560 1088 3701 inelegantem.

123 3774 126 3784 ⁶
228 3678 291 3762 De
310 3684 411 3764 notis
430 3711 522 3792 quas
542 3683 588 3762 ad
607 3681 728 3767 finem
745 3685 877 3794 operis
889 3685 1026 3794 adjeci,
1056 3679 1299 3764 monendum
1317 3693 1360 3762 te
1429 3773 1430 3778 Ν

171 3804 366 3946 imprimis
386 3807 489 3902 volo,
520 3833 585 3888 me
607 3808 797 3916 quicquid
818 3809 865 3889 ad
893 3807 1167 3927 explicandum
1187 3779 1357 3916 Apollo-

171 3929 284 4009 nium
322 3929 453 4040 aliquo
494 3931 612 4014 modo
648 3935 751 4040 apud
788 3931 1041 4044 Stephanum,
1084 3915 1359 4040 Hartungum,

174 4051 439 4148 Holstenium,
465 4059 505 4136 be
525 4054 791 4150 Hoelzlinum,
817 4057 1000 4138 idoneum
1021 4055 1214 4147 duxerim,
1246 4052 1287 4135 id
1307 4051 1359 4162 li?

23 4203 24 4262 3
173 4176 308 4259 beuter
327 4178 603 4290 transcripsisse.
652 4180 844 4262 Plurimae
872 4197 1004 4262 autem
1025 4177 1223 4264 Hoelzlini
1249 4193 1359 4282 notas

24 4325 25 4379 3
172 4304 325 4410 penitus
359 4304 535 4398 exulasse,
565 4329 644 4382 non
671 4306 743 4384 erit
775 4331 845 4390 cur
862 4306 1064 4387 mirabere.
1113 4299 1232 4385 Nihil
1251 4300 1362 4385 enim
1426 4327 1428 4334 ’

25 4431 28 4492 l
173 4425 278 4508 aliud
290 4413 398 4582 mihi
418 4428 495 4510 visa
512 4429 566 4510 est
585 4426 734 4510 efficere
752 4431 869 4541 longe
886 4431 1010 4539 major
1033 4455 1118 4542 pars
1137 4453 1270 4506 earum
1290 4452 1361 4504 an·

1113 4568 1363 4635 ss0i2110ssum
